<record><leader>00000cas a2200000 a 4500</leader><controlfield tag="001">38111867</controlfield><controlfield tag="008">971218u1990uuuuazuer ne      0    0eng d</controlfield><datafield ind1=" " ind2=" " tag="010"><subfield code="a">sn 97060256 </subfield></datafield><datafield ind1=" " ind2=" " tag="040"><subfield code="a">ANN</subfield><subfield code="b">eng</subfield><subfield code="c">ANN</subfield><subfield code="d">OCLCQ</subfield><subfield code="d">OCLCF</subfield><subfield code="d">OCLCO</subfield></datafield><datafield ind1=" " ind2=" " tag="042"><subfield code="a">msc</subfield></datafield><datafield ind1=" " ind2=" " tag="043"><subfield code="a">n-us-az</subfield></datafield><datafield ind1="0" ind2="0" tag="245"><subfield code="a">A.J. tattler.</subfield></datafield><datafield ind1=" " ind2=" " tag="260"><subfield code="a">Apache Junction, Ariz. :</subfield><subfield code="b">M. McConnell,</subfield><subfield code="c">1990-</subfield></datafield><datafield ind1=" " ind2=" " tag="300"><subfield code="a">v.</subfield></datafield><datafield ind1=" " ind2=" " tag="310"><subfield code="a">Biweekly</subfield></datafield><datafield ind1="0" ind2=" " tag="362"><subfield code="a">Vol. l, no. 1 (July, 1990)-</subfield></datafield><datafield ind1=" " ind2="0" tag="651"><subfield code="a">Apache Junction (Ariz.)</subfield><subfield code="v">Newspapers.</subfield></datafield><datafield ind1=" " ind2="0" tag="651"><subfield code="a">Pinal County (Ariz.)</subfield><subfield code="v">Newspapers.</subfield></datafield><datafield ind1=" " ind2="7" tag="655"><subfield code="a">Newspapers.</subfield><subfield code="2">fast</subfield><subfield code="0">(OCoLC)fst01423814</subfield></datafield><datafield ind1=" " ind2="7" tag="651"><subfield code="a">Arizona</subfield><subfield code="z">Apache Junction.</subfield><subfield code="2">fast</subfield><subfield code="0">(OCoLC)fst01216938</subfield></datafield><datafield ind1=" " ind2="7" tag="651"><subfield code="a">Arizona</subfield><subfield code="z">Pinal County.</subfield><subfield code="2">fast</subfield><subfield code="0">(OCoLC)fst01206040</subfield></datafield><datafield ind1=" " ind2=" " tag="752"><subfield code="a">United States</subfield><subfield code="b">Arizona</subfield><subfield code="c">Pinal</subfield><subfield code="d">Apache Junction.</subfield></datafield></record>